% Core Citations from the Paper

@article{tetlock2005,
  author = {Tetlock, Philip E.},
  title = {Expert Political Judgment: How Good Is It? How Can We Know?},
  year = {2005},
  publisher = {Princeton University Press}
}

@book{gigerenzer2001,
  author = {Gigerenzer, Gerd and Selten, Reinhard},
  title = {Bounded Rationality: The Adaptive Toolbox},
  year = {2001},
  publisher = {MIT Press}
}

@article{kahneman2009,
  author = {Kahneman, Daniel and Klein, Gary},
  title = {Conditions for intuitive expertise: A failure to disagree},
  journal = {American Psychologist},
  volume = {64},
  number = {6},
  pages = {515-526},
  year = {2009}
}

@book{klein1993,
  author = {Klein, Gary A.},
  title = {A recognition-primed decision (RPD) model of rapid decision making},
  year = {1993},
  publisher = {Ablex Publishing}
}

@article{pena2010,
  author = {Peña, A.},
  title = {The Dreyfus model of clinical problem-solving skills: A critical perspective},
  journal = {Medical Education Online},
  volume = {15},
  number = {1},
  pages = {4846},
  year = {2010}
}

@book{polanyi1966,
  author = {Polanyi, Michael},
  title = {The Tacit Dimension},
  year = {1966},
  publisher = {Routledge & Kegan Paul}
}

@book{collins2010,
  author = {Collins, Harry},
  title = {Tacit and Explicit Knowledge},
  year = {2010},
  publisher = {University of Chicago Press}
}

@article{morgan2014,
  author = {Morgan, M. G.},
  title = {Use (and abuse) of expert elicitation in support of decision making for public policy},
  journal = {Proceedings of the National Academy of Sciences},
  volume = {111},
  number = {20},
  pages = {7176-7184},
  year = {2014}
}

@article{endsley1995,
  author = {Endsley, M. R.},
  title = {Toward a theory of situation awareness in dynamic systems},
  journal = {Human Factors},
  volume = {37},
  number = {1},
  pages = {32-64},
  year = {1995}
}

@book{taleb2007,
  author = {Taleb, Nassim Nicholas},
  title = {The Black Swan: The Impact of the Highly Improbable},
  year = {2007},
  publisher = {Random House}
}

@book{dreyfus1979,
  author = {Dreyfus, Hubert L.},
  title = {What Computers Can't Do: The Limits of Artificial Intelligence},
  year = {1979},
  publisher = {MIT Press}
}

% Literature Review Citations

@article{bratianu2020,
  author = {Bratianu, C.},
  title = {Knowledge dynamics: A thermodynamics approach},
  journal = {Kybernetes},
  volume = {49},
  number = {1},
  pages = {6-21},
  year = {2020}
}

@article{jamadar2025,
  author = {Jamadar, S. D.},
  title = {The metabolic costs of cognition},
  journal = {Trends in Cognitive Sciences},
  volume = {29},
  number = {1},
  pages = {45-59},
  year = {2025}
}

@article{wiehler2022,
  author = {Wiehler, A. and others},
  title = {A neuro-metabolic account of why daylong cognitive work alters economic preferences},
  journal = {Current Biology},
  volume = {32},
  number = {16},
  pages = {3564-3575},
  year = {2022}
}

@book{stonier1996,
  author = {Stonier, Tom},
  title = {Information as a basic property of the universe},
  journal = {Biosystems},
  volume = {38},
  number = {2-3},
  pages = {135-140},
  year = {1996}
}

@book{nonaka1995,
  author = {Nonaka, Ikujiro and Takeuchi, Hirotaka},
  title = {The Knowledge-Creating Company},
  year = {1995},
  publisher = {Oxford University Press}
}

@book{senge1990,
  author = {Senge, Peter M.},
  title = {The Fifth Discipline: The Art and Practice of the Learning Organization},
  year = {1990},
  publisher = {Doubleday}
}

@book{brynjolfsson2014,
  author = {Brynjolfsson, Erik and McAfee, Andrew},
  title = {The Second Machine Age: Work, Progress, and Prosperity in a Time of Brilliant Technologies},
  year = {2014},
  publisher = {W.W. Norton}
}

@book{susskind2020,
  author = {Susskind, Richard and Susskind, Daniel},
  title = {The Future of the Professions: How Technology Will Transform the Work of Human Experts},
  year = {2020},
  publisher = {Oxford University Press}
}

@book{zuboff2019,
  author = {Zuboff, Shoshana},
  title = {The Age of Surveillance Capitalism},
  year = {2019},
  publisher = {PublicAffairs}
}

% Thermodynamic Framework Citations

@book{prigogine1984,
  author = {Prigogine, Ilya and Stengers, Isabelle},
  title = {Order Out of Chaos: Man's New Dialogue with Nature},
  year = {1984},
  publisher = {Bantam}
}

@book{schrodinger1944,
  author = {Schrödinger, Erwin},
  title = {What is Life? The Physical Aspect of the Living Cell},
  year = {1944},
  publisher = {Cambridge University Press}
}

@book{georgescu1971,
  author = {Georgescu-Roegen, Nicholas},
  title = {The Entropy Law and the Economic Process},
  year = {1971},
  publisher = {Harvard University Press}
}

@article{landauer1961,
  author = {Landauer, Rolf},
  title = {Irreversibility and heat generation in the computing process},
  journal = {IBM Journal of Research and Development},
  volume = {5},
  number = {3},
  pages = {183-191},
  year = {1961}
}

% Historical Analysis Citations

@phdthesis{erkizan1997,
  author = {Erkizan, H. N.},
  title = {Energeia, nous and non-discursive thinking in Aristotle},
  school = {University of Bristol},
  year = {1997}
}

@book{mouzala2024,
  editor = {Mouzala, M. G.},
  title = {Cognition in Ancient Greek Philosophy and its Reception: Interdisciplinary Approaches},
  year = {2024},
  publisher = {Academia Verlag}
}

@book{robinson2006,
  author = {Robinson, Andrew},
  title = {The Last Man Who Knew Everything: Thomas Young, the Anonymous Polymath Who Proved Newton Wrong},
  year = {2006},
  publisher = {Pi Press}
}

@book{burke2020,
  author = {Burke, Peter},
  title = {The Polymath: A Cultural History},
  year = {2020},
  publisher = {Cambridge University Press}
}

@article{hoel2025,
  author = {Hoel, Erik},
  title = {Polymaths are back from the dead},
  journal = {The Intrinsic Perspective},
  year = {2025},
  url = {https://www.theintrinsicperspective.com/p/polymaths-are-back-from-the-dead}
}

@article{gleeson2021,
  author = {Gleeson, J.},
  title = {The European Credit Transfer System (ECTS) from Bologna to the market},
  journal = {Policy Futures in Education},
  volume = {19},
  number = {4},
  pages = {492-508},
  year = {2021}
}

@article{kaiser2022,
  author = {Kaiser, L. and Schräder, E.},
  title = {Systems Engineering in university education with focus on Systems Thinking},
  journal = {Proceedings of Design Society},
  volume = {3},
  pages = {2871-2880},
  year = {2022}
}

@article{odenbach2015,
  author = {Odenbach, S. and Krauthäuser, H. G.},
  title = {Mehr als ein akademischer Grad: Plädoyer für das Diplom in den Ingenieurwissenschaften},
  journal = {Forschung \& Lehre},
  volume = {6},
  pages = {450-451},
  year = {2015}
}

@article{wieschke2020,
  author = {Wieschke, J. and Reimer, M. and Falk, S.},
  title = {Labour market returns of bachelor's and master's degrees in Germany},
  journal = {Beiträge zur Hochschulforschung},
  volume = {42},
  number = {3},
  pages = {56-78},
  year = {2020}
}

% Contemporary Evidence

@techreport{spglobal2025,
  author = {{S\&P Global Market Intelligence}},
  title = {AI experiences rapid adoption, but with mixed outcomes},
  year = {2025},
  institution = {S\&P Global}
}

@techreport{mckinsey2025,
  author = {{McKinsey \& Company}},
  title = {Seizing the agentic AI advantage},
  year = {2025},
  url = {https://www.mckinsey.com/capabilities/quantumblack/our-insights/seizing-the-agentic-ai-advantage}
}

@misc{krishna2024,
  author = {Krishna, Arvind},
  title = {IBM CEO confirms AI replacement of hundreds of HR staff},
  journal = {The Wall Street Journal},
  year = {2024}
}

@misc{vonahn2024,
  author = {von Ahn, Luis},
  title = {Making Duolingo AI-first},
  howpublished = {Internal memo published on LinkedIn},
  year = {2024}
}

@misc{althoff2024,
  author = {Althoff, Judson},
  title = {Internal presentation on AI productivity gains},
  organization = {Microsoft},
  year = {2024}
}

@article{rintakahila2023,
  author = {Rinta-Kahila, T. and others},
  title = {Algorithmic decision-making and system destructiveness: A case of automatic debt recovery},
  journal = {European Journal of Information Systems},
  volume = {32},
  number = {3},
  pages = {45-62},
  year = {2023}
}

% Cynefin Framework

@article{snowden2007,
  author = {Snowden, David J. and Boone, Mary E.},
  title = {A leader's framework for decision making},
  journal = {Harvard Business Review},
  volume = {85},
  number = {11},
  pages = {68-76},
  year = {2007}
}

@article{kempermann2017,
  author = {Kempermann, G.},
  title = {Cynefin as reference framework to facilitate insight and decision-making in complex contexts of biomedical research},
  journal = {Frontiers in Neuroscience},
  volume = {11},
  pages = {634},
  year = {2017}
}

@article{ford2024,
  author = {Ford, G. and others},
  title = {Simplifying complexity? On quality decision-making and non-conformance outcomes of megaprojects},
  journal = {IEEE Transactions on Engineering Management},
  volume = {71},
  pages = {5443-5454},
  year = {2024}
}

% AI Architecture

@article{vaswani2017,
  author = {Vaswani, A. and others},
  title = {Attention is all you need},
  journal = {Advances in Neural Information Processing Systems},
  volume = {30},
  pages = {5998-6008},
  year = {2017}
}

% Transformation Failure

@article{beer2000,
  author = {Beer, Michael and Nohria, Nitin},
  title = {Cracking the code of change},
  journal = {Harvard Business Review},
  volume = {78},
  number = {3},
  pages = {133-141},
  year = {2000}
}

@article{hughes2011,
  author = {Hughes, Mark},
  title = {Do 70 per cent of all organizational change initiatives really fail?},
  journal = {Journal of Change Management},
  volume = {11},
  number = {4},
  pages = {451-464},
  year = {2011}
}

@article{hughes2015,
  author = {Hughes, Mark},
  title = {Leading changes: Why transformation explanations fail},
  journal = {Leadership},
  volume = {11},
  number = {4},
  pages = {435-460},
  year = {2015}
}

@article{mclaren2023,
  author = {McLaren, T. A. S. and others},
  title = {Why vilifying the status quo can derail a change effort: Kotter's contradiction, and theory adaptation},
  journal = {Journal of Change Management},
  volume = {23},
  number = {1},
  pages = {93-111},
  year = {2023}
}

@techreport{bain2024,
  author = {{Bain \& Company}},
  title = {88\% of business transformations fail to achieve their original ambitions},
  year = {2024},
  institution = {Bain \& Company}
}

@techreport{bcg2024,
  author = {{Boston Consulting Group}},
  title = {Five truths and one lie about corporate transformation},
  year = {2024},
  institution = {BCG}
}

% Micro-credentials

@article{gauthier2020,
  author = {Gauthier, T.},
  title = {The value of microcredentials: The employer's perspective},
  journal = {The Journal of Competency-Based Education},
  volume = {5},
  number = {2},
  pages = {e01209},
  year = {2020}
}

@techreport{lumina2025,
  author = {{Lumina Foundation}},
  title = {Micro-credentials impact report 2025: Insights from students and employers},
  year = {2025},
  institution = {Lumina Foundation}
}

@article{ha2022,
  author = {Ha, N. T. N. and others},
  title = {A systematic literature review of micro-credentials in higher education: A non-zero-sum game},
  journal = {Higher Education Research and Development},
  volume = {42},
  number = {4},
  pages = {888-906},
  year = {2022}
}

@phdthesis{joshi2019,
  author = {Joshi, S.},
  title = {Technical job placement success of coding bootcamp graduates},
  school = {University of Pennsylvania},
  year = {2019}
}

% Reconstruction Principles

@book{kahneman2011,
  author = {Kahneman, Daniel},
  title = {Thinking, Fast and Slow},
  year = {2011},
  publisher = {Farrar, Straus and Giroux}
}

@book{hutchins1995,
  author = {Hutchins, Edwin},
  title = {Cognition in the Wild},
  year = {1995},
  publisher = {MIT Press}
}

@book{hofstadter1979,
  author = {Hofstadter, Douglas R.},
  title = {Gödel, Escher, Bach: An Eternal Golden Braid},
  year = {1979},
  publisher = {Basic Books}
}

@article{ericsson1993,
  author = {Ericsson, K. A. and others},
  title = {The role of deliberate practice in the acquisition of expert performance},
  journal = {Psychological Review},
  volume = {100},
  number = {3},
  pages = {363-406},
  year = {1993}
}