% Core Citations from the Paper

% NEW ENTRIES TO ADD - Section 2.2 SECI Model

@article{mulder2007competency,
  author = {Mulder, Martin and Gulikers, Judith and Biemans, Harm and Wesselink, Renate},
  title = {The New Competence Concept in Higher Education: Error or Enrichment?},
  journal = {Journal of European Industrial Training},
  volume = {31},
  number = {8},
  pages = {755--770},
  year = {2007},
  doi = {10.1108/03090590710833955}
}

@book{nonaka1995knowledge,
  author = {Nonaka, Ikujiro and Takeuchi, Hirotaka},
  title = {The Knowledge-Creating Company: How Japanese Companies Create the Dynamics of Innovation},
  publisher = {Oxford University Press},
  address = {New York},
  year = {1995}
}

@book{prigogine1984order,
  author = {Prigogine, Ilya and Stengers, Isabelle},
  title = {Order Out of Chaos: Man's New Dialogue with Nature},
  publisher = {Bantam Books},
  address = {New York},
  year = {1984}
}

@article{snowden2007leader,
  author = {Snowden, David J. and Boone, Mary E.},
  title = {A Leader's Framework for Decision Making},
  journal = {Harvard Business Review},
  volume = {85},
  number = {11},
  pages = {68--76},
  year = {2007}
}

@book{dreyfus1986mind,
  author = {Dreyfus, Hubert L. and Dreyfus, Stuart E.},
  title = {Mind Over Machine: The Power of Human Intuition and Expertise in the Era of the Computer},
  publisher = {Free Press},
  address = {New York},
  year = {1986}
}

@article{nonaka1998ba,
  author = {Nonaka, Ikujiro and Konno, Noboru},
  title = {The Concept of ``Ba'': Building a Foundation for Knowledge Creation},
  journal = {California Management Review},
  volume = {40},
  number = {3},
  pages = {40--54},
  year = {1998},
  doi = {10.2307/41165942}
}

@book{brynjolfsson2014second,
  author = {Brynjolfsson, Erik and McAfee, Andrew},
  title = {The Second Machine Age: Work, Progress, and Prosperity in a Time of Brilliant Technologies},
  publisher = {W. W. Norton \& Company},
  address = {New York},
  year = {2014}
}

@book{susskind2020future,
  author = {Susskind, Richard and Susskind, Daniel},
  title = {The Future of the Professions: How Technology Will Transform the Work of Human Experts},
  edition = {Updated edition},
  publisher = {Oxford University Press},
  address = {Oxford},
  year = {2020}
}

% ENTRIES YOU ALREADY HAVE BUT MAY WANT TO UPDATE FOR CONSISTENCY/COMPLETENESS:

% Your ericsson1993 (line 683) uses "and others" - mine provides full authors:
@article{ericsson1993role,
  author = {Ericsson, K. Anders and Krampe, Ralf Th. and Tesch-R{\"o}mer, Clemens},
  title = {The Role of Deliberate Practice in the Acquisition of Expert Performance},
  journal = {Psychological Review},
  volume = {100},
  number = {3},
  pages = {363--406},
  year = {1993},
  doi = {10.1037/0033-295X.100.3.363}
}

% Your wiehler2022 (line 298) has abbreviated title and "and others" - mine is more complete:
@article{wiehler2022neural,
  author = {Wiehler, Antonius and Branzoli, Fawzi and Adanyeguh, Isaac and Mochel, Fanny and Pessiglione, Mathias},
  title = {A Neuro-Metabolic Account of Why Daylong Cognitive Work Alters the Control of Economic Decisions},
  journal = {Current Biology},
  volume = {32},
  number = {16},
  pages = {3564--3575.e5},
  year = {2022},
  doi = {10.1016/j.cub.2022.07.010}
}

% Your jamadar2025 (line 288) has different title and journal - mine matches the actual 2025 paper:
@article{jamadar2025energy,
  author = {Jamadar, Sharna D.},
  title = {The Energetic Brain: A Review from Students to Society},
  journal = {Journal of Neuroscience Research},
  volume = {103},
  number = {1},
  pages = {e25292},
  year = {2025},
  doi = {10.1002/jnr.25292}
}

@article{feynman1974,  author = {Feynman, Richard P.},
  title = {Cargo Cult Science},
  journal = {Engineering and Science},
  volume = {37},
  number = {7},
  pages = {10--13},
  year = {1974}
} 

@article{shannon1948,
  author = {Shannon, Claude E.},
  title = {A Mathematical Theory of Communication},
  journal = {Bell System Technical Journal},
  volume = {27},
  number = {3},
  pages = {379--423},
  year = {1948},
  doi = {10.1002/j.1538-7305.1948.tb01338.x}
}

@article{landauer1961,
  author = {Landauer, Rolf},
  title = {Irreversibility and Heat Generation in the Computing Process},
  journal = {IBM Journal of Research and Development},
  volume = {5},
  number = {3},
  pages = {183--191},
  year = {1961},
  doi = {10.1147/rd.53.0183}
}

@book{brillouin1956,
  author = {Brillouin, Léon},
  title = {Science and Information Theory},
  publisher = {Academic Press},
  year = {1956},
  address = {New York}
}

@book{lowenstein2000,
  author = {Lowenstein, Roger},
  title = {When Genius Failed: The Rise and Fall of Long-Term Capital Management},
  publisher = {Random House},
  year = {2000}
}

@book{taleb2001,
  author = {Taleb, Nassim Nicholas},
  title = {Fooled by Randomness: The Hidden Role of Chance in Life and in the Markets},
  publisher = {Random House},
  year = {2001}
}

@book{galbraith1973,
  author = {Galbraith, Jay R.},
  title = {Designing Complex Organizations},
  publisher = {Addison-Wesley},
  year = {1973},
  address = {Reading, MA}
}

@article{aaker2008,
  author = {Aaker, David A.},
  title = {Spanning Silos: The New CMO Imperative},
  journal = {Harvard Business Review},
  volume = {86},
  number = {5},
  pages = {68--76},
  year = {2008}
}

@book{watkins2013,
  author = {Watkins, Michael D.},
  title = {The First 90 Days: Proven Strategies for Getting Up to Speed Faster and Smarter},
  publisher = {Harvard Business Review Press},
  edition = {Updated and Expanded},
  year = {2013}
}

@article{hackman2002,
  author = {Hackman, J. Richard},
  title = {Leading Teams: Setting the Stage for Great Performances},
  journal = {Harvard Business School Press},
  year = {2002}
}

@book{edmondson2012,
  author = {Edmondson, Amy C.},
  title = {Teaming: How Organizations Learn, Innovate, and Compete in the Knowledge Economy},
  publisher = {Jossey-Bass},
  year = {2012}
}

@article{ashkenas2015,
  author = {Ashkenas, Ron},
  title = {Why We Still Can't Break Down the Silos},
  journal = {Harvard Business Review Digital Articles},
  pages = {2--5},
  year = {2015}
}

@book{taleb2007,
  author = {Taleb, Nassim Nicholas},
  title = {The Black Swan: The Impact of the Highly Improbable},
  publisher = {Random House},
  year = {2007}
}

@article{mcnamee2019,
  author = {McNamee, Dylan},
  title = {Cargo Cult Analytics: The Danger of Unexamined Metrics},
  journal = {Harvard Business Review},  
  year = {2019},  
  note = {Online article} 
} 

@book{alvesson2013,  
  author = {Alvesson, Mats},  
  title = {The Triumph of Emptiness: Consumption, Higher Education, and Work Organization},
  publisher = {Oxford University Press},  
  year = {2013} 
}

@book{smil2017,
  author = {Smil, Vaclav},
  title = {Energy and Civilization: A History},
  publisher = {MIT Press},
  year = {2017},
  address = {Cambridge, MA}
}

@book{smil2018,
  author = {Smil, Vaclav},
  title = {Energy and Civilization: A History},
  publisher = {MIT Press},
  year = {2018},
  address = {Cambridge, MA},
  edition = {Revised}
}

@book{smil2019,
  author = {Smil, Vaclav},
  title = {Growth: From Microorganisms to Megacities},
  publisher = {MIT Press},
  year = {2019},
  address = {Cambridge, MA}
}

@article{raichle2002,
  author = {Raichle, Marcus E. and Gusnard, Debra A.},
  title = {Appraising the brain's energy budget},
  journal = {Proceedings of the National Academy of Sciences},
  volume = {99},
  number = {16},
  pages = {10237--10239},
  year = {2002}
}

@article{levitt1988,
  author = {Levitt, Barbara and March, James G.},
  title = {Organizational Learning},
  journal = {Annual Review of Sociology},
  volume = {14},
  pages = {319--340},
  year = {1988}
}

@book{tainter1988,
  author = {Tainter, Joseph A.},
  title = {The Collapse of Complex Societies},
  publisher = {Cambridge University Press},
  year = {1988},
  address = {Cambridge}
}

@book{tetlock2005,
  author = {Tetlock, Philip E.},
  title = {Expert Political Judgment: How Good Is It? How Can We Know?},
  year = {2005},
  publisher = {Princeton University Press}
}

@book{bhabha1994,
  author = {Bhabha, Homi K.},
  title = {The Location of Culture},
  publisher = {Routledge},
  year = {1994},
  address = {London}
}

@book{gigerenzer2001,
  author = {Gigerenzer, Gerd and Selten, Reinhard},
  title = {Bounded Rationality: The Adaptive Toolbox},
  year = {2001},
  publisher = {MIT Press}
}

@article{kahneman2009,
  author = {Kahneman, Daniel and Klein, Gary},
  title = {Conditions for intuitive expertise: A failure to disagree},
  journal = {American Psychologist},
  volume = {64},
  number = {6},
  pages = {515-526},
  year = {2009}
}

@book{klein1993,
  author = {Klein, Gary A.},
  title = {A recognition-primed decision (RPD) model of rapid decision making},
  year = {1993},
  publisher = {Ablex Publishing}
}

@article{pena2010,
  author = {Peña, A.},
  title = {The Dreyfus model of clinical problem-solving skills: A critical perspective},
  journal = {Medical Education Online},
  volume = {15},
  number = {1},
  pages = {4846},
  year = {2010}
}

@book{polanyi1966tacit,
  author = {Polanyi, Michael},
  title = {The Tacit Dimension},
  year = {1966},
  publisher = {Routledge \& Kegan Paul}
}

@book{collins2010tacit,
  author = {Collins, Harry},
  title = {Tacit and Explicit Knowledge},
  year = {2010},
  publisher = {University of Chicago Press}
}

@article{morgan2014,
  author = {Morgan, M. G.},
  title = {Use (and abuse) of expert elicitation in support of decision making for public policy},
  journal = {Proceedings of the National Academy of Sciences},
  volume = {111},
  number = {20},
  pages = {7176-7184},
  year = {2014}
}

@article{endsley1995,
  author = {Endsley, M. R.},
  title = {Toward a theory of situation awareness in dynamic systems},
  journal = {Human Factors},
  volume = {37},
  number = {1},
  pages = {32-64},
  year = {1995}
}

@book{dreyfus1979,
  author = {Dreyfus, Hubert L.},
  title = {What Computers Can't Do: The Limits of Artificial Intelligence},
  year = {1979},
  publisher = {MIT Press}
}

% Literature Review Citations

@article{bratianu2020,
  author = {Bratianu, C.},
  title = {Knowledge dynamics: A thermodynamics approach},
  journal = {Kybernetes},
  volume = {49},
  number = {1},
  pages = {6-21},
  year = {2020}
}

@article{jamadar2025,
  author = {Jamadar, S. D.},
  title = {The metabolic costs of cognition},
  journal = {Trends in Cognitive Sciences},
  volume = {29},
  number = {1},
  pages = {45-59},
  year = {2025}
}

@article{wiehler2022,
  author = {Wiehler, A. and others},
  title = {A neuro-metabolic account of why daylong cognitive work alters economic preferences},
  journal = {Current Biology},
  volume = {32},
  number = {16},
  pages = {3564-3575},
  year = {2022}
}

@article{stonier1996,
  author = {Stonier, Tom},
  title = {Information as a basic property of the universe},
  journal = {Biosystems},
  volume = {38},
  number = {2-3},
  pages = {135-140},
  year = {1996}
}

@article{powell2004knowledge,
  author = {Powell, Walter W. and Snellman, Kaisa},
  title = {The Knowledge Economy},
  journal = {Annual Review of Sociology},
  volume = {30},
  pages = {199--220},
  year = {2004},
  doi = {10.1146/annurev.soc.29.010202.100037}
}

@book{nonaka1995,
  author = {Nonaka, Ikujiro and Takeuchi, Hirotaka},
  title = {The Knowledge-Creating Company},
  year = {1995},
  publisher = {Oxford University Press}
}

@book{senge1990,
  author = {Senge, Peter M.},
  title = {The Fifth Discipline: The Art and Practice of the Learning Organization},
  year = {1990},
  publisher = {Doubleday}
}

@book{brynjolfsson2014,
  author = {Brynjolfsson, Erik and McAfee, Andrew},
  title = {The Second Machine Age: Work, Progress, and Prosperity in a Time of Brilliant Technologies},
  year = {2014},
  publisher = {W.W. Norton}
}

@book{susskind2020,
  author = {Susskind, Richard and Susskind, Daniel},
  title = {The Future of the Professions: How Technology Will Transform the Work of Human Experts},
  year = {2020},
  publisher = {Oxford University Press}
}

@book{zuboff2019,
  author = {Zuboff, Shoshana},
  title = {The Age of Surveillance Capitalism},
  year = {2019},
  publisher = {PublicAffairs}
}

% Thermodynamic Framework Citations

@book{prigogine1984,
  author = {Prigogine, Ilya and Stengers, Isabelle},
  title = {Order Out of Chaos: Man's New Dialogue with Nature},
  year = {1984},
  publisher = {Bantam}
}

@book{collins2010,
  author    = {Collins, Harry},
  title     = {Tacit and Explicit Knowledge},
  publisher = {University of Chicago Press},
  year      = {2010},
  address   = {Chicago, IL},
  isbn      = {9780226113821}
}

@book{schrodinger1944,
  author = {Schrödinger, Erwin},
  title = {What is Life? The Physical Aspect of the Living Cell},
  year = {1944},
  publisher = {Cambridge University Press}
}

@book{georgescu1971,
  author = {Georgescu-Roegen, Nicholas},
  title = {The Entropy Law and the Economic Process},
  year = {1971},
  publisher = {Harvard University Press}
}

% Historical Analysis Citations

@phdthesis{erkizan1997,
  author = {Erkizan, H. N.},
  title = {Energeia, nous and non-discursive thinking in Aristotle},
  school = {University of Bristol},
  year = {1997}
}

@book{mouzala2024,
  editor = {Mouzala, M. G.},
  title = {Cognition in Ancient Greek Philosophy and its Reception: Interdisciplinary Approaches},
  year = {2024},
  publisher = {Academia Verlag}
}

@book{robinson2006,
  author = {Robinson, Andrew},
  title = {The Last Man Who Knew Everything: Thomas Young, the Anonymous Polymath Who Proved Newton Wrong},
  year = {2006},
  publisher = {Pi Press}
}

@book{burke2020,
  author = {Burke, Peter},
  title = {The Polymath: A Cultural History},
  year = {2020},
  publisher = {Cambridge University Press}
}

@article{hoel2025,
  author = {Hoel, Erik},
  title = {Polymaths are back from the dead},
  journal = {The Intrinsic Perspective},
  year = {2025},
  url = {https://www.theintrinsicperspective.com/p/polymaths-are-back-from-the-dead}
}

@article{gleeson2021,
  author = {Gleeson, J.},
  title = {The European Credit Transfer System (ECTS) from Bologna to the market},
  journal = {Policy Futures in Education},
  volume = {19},
  number = {4},
  pages = {492-508},
  year = {2021}
}

@article{kaiser2022,
  author = {Kaiser, L. and Schräder, E.},
  title = {Systems Engineering in university education with focus on Systems Thinking},
  journal = {Proceedings of Design Society},
  volume = {3},
  pages = {2871-2880},
  year = {2022}
}

@article{odenbach2015,
  author = {Odenbach, S. and Krauthäuser, H. G.},
  title = {Mehr als ein akademischer Grad: Plädoyer für das Diplom in den Ingenieurwissenschaften},
  journal = {Forschung \& Lehre},
  volume = {6},
  pages = {450-451},
  year = {2015}
}

@article{wieschke2020,
  author = {Wieschke, J. and Reimer, M. and Falk, S.},
  title = {Labour market returns of bachelor's and master's degrees in Germany},
  journal = {Beiträge zur Hochschulforschung},
  volume = {42},
  number = {3},
  pages = {56-78},
  year = {2020}
}

% Contemporary Evidence

@techreport{spglobal2025,
  author = {{S\&P Global Market Intelligence}},
  title = {AI experiences rapid adoption, but with mixed outcomes},
  year = {2025},
  institution = {S\&P Global}
}

@techreport{mckinsey2025,
  author = {{McKinsey \& Company}},
  title = {Seizing the agentic AI advantage},
  year = {2025},
  institution = {McKinsey \& Company},
  url = {https://www.mckinsey.com/capabilities/quantumblack/our-insights/seizing-the-agentic-ai-advantage}
}

@misc{krishna2024,
  author = {Krishna, Arvind},
  title = {IBM CEO confirms AI replacement of hundreds of HR staff},
  journal = {The Wall Street Journal},
  year = {2024}
}

@misc{vonahn2024,
  author = {von Ahn, Luis},
  title = {Making Duolingo AI-first},
  howpublished = {Internal memo published on LinkedIn},
  year = {2024}
}

@misc{althoff2024,
  author = {Althoff, Judson},
  title = {Internal presentation on AI productivity gains},
  organization = {Microsoft},
  year = {2024}
}

@article{rintakahila2023,
  author = {Rinta-Kahila, T. and others},
  title = {Algorithmic decision-making and system destructiveness: A case of automatic debt recovery},
  journal = {European Journal of Information Systems},
  volume = {32},
  number = {3},
  pages = {45-62},
  year = {2023}
}

% Cynefin Framework

@article{snowden2007,
  author = {Snowden, David J. and Boone, Mary E.},
  title = {A leader's framework for decision making},
  journal = {Harvard Business Review},
  volume = {85},
  number = {11},
  pages = {68-76},
  year = {2007}
}

@article{kempermann2017,
  author = {Kempermann, G.},
  title = {Cynefin as reference framework to facilitate insight and decision-making in complex contexts of biomedical research},
  journal = {Frontiers in Neuroscience},
  volume = {11},
  pages = {634},
  year = {2017}
}

@article{ford2024,
  author = {Ford, G. and others},
  title = {Simplifying complexity? On quality decision-making and non-conformance outcomes of megaprojects},
  journal = {IEEE Transactions on Engineering Management},
  volume = {71},
  pages = {5443-5454},
  year = {2024}
}

% AI Architecture

@article{vaswani2017,
  author = {Vaswani, A. and others},
  title = {Attention is all you need},
  journal = {Advances in Neural Information Processing Systems},
  volume = {30},
  pages = {5998-6008},
  year = {2017}
}

% Transformation Failure

@article{beer2000,
  author = {Beer, Michael and Nohria, Nitin},
  title = {Cracking the code of change},
  journal = {Harvard Business Review},
  volume = {78},
  number = {3},
  pages = {133-141},
  year = {2000}
}

@book{kotter2008,
  author = {Kotter, John P.},
  title = {A Sense of Urgency},
  year = {2008},
  publisher = {Harvard Business Press}
}

@article{hughes2011,
  author = {Hughes, Mark},
  title = {Do 70 per cent of all organizational change initiatives really fail?},
  journal = {Journal of Change Management},
  volume = {11},
  number = {4},
  pages = {451-464},
  year = {2011}
}

@article{hughes2015,
  author = {Hughes, Mark},
  title = {Leading changes: Why transformation explanations fail},
  journal = {Leadership},
  volume = {11},
  number = {4},
  pages = {435-460},
  year = {2015}
}

@article{mclaren2023,
  author = {McLaren, T. A. S. and others},
  title = {Why vilifying the status quo can derail a change effort: Kotter's contradiction, and theory adaptation},
  journal = {Journal of Change Management},
  volume = {23},
  number = {1},
  pages = {93-111},
  year = {2023}
}

@techreport{bain2024,
  author = {{Bain \& Company}},
  title = {88\% of business transformations fail to achieve their original ambitions},
  year = {2024},
  institution = {Bain \& Company}
}

@techreport{bcg2024,
  author = {{Boston Consulting Group}},
  title = {Five truths and one lie about corporate transformation},
  year = {2024},
  institution = {BCG}
}

% Micro-credentials

@article{gauthier2020,
  author = {Gauthier, T.},
  title = {The value of microcredentials: The employer's perspective},
  journal = {The Journal of Competency-Based Education},
  volume = {5},
  number = {2},
  pages = {e01209},
  year = {2020}
}

@techreport{lumina2025,
  author = {{Lumina Foundation}},
  title = {Micro-credentials impact report 2025: Insights from students and employers},
  year = {2025},
  institution = {Lumina Foundation}
}

@article{ha2022,
  author = {Ha, N. T. N. and others},
  title = {A systematic literature review of micro-credentials in higher education: A non-zero-sum game},
  journal = {Higher Education Research and Development},
  volume = {42},
  number = {4},
  pages = {888-906},
  year = {2022}
}

@phdthesis{joshi2019,
  author = {Joshi, S.},
  title = {Technical job placement success of coding bootcamp graduates},
  school = {University of Pennsylvania},
  year = {2019}
}

% Reconstruction Principles

@book{kahneman2011,
  author = {Kahneman, Daniel},
  title = {Thinking, Fast and Slow},
  year = {2011},
  publisher = {Farrar, Straus and Giroux}
}

@book{hutchins1995,
  author = {Hutchins, Edwin},
  title = {Cognition in the Wild},
  year = {1995},
  publisher = {MIT Press}
}

@book{hofstadter1979,
  author = {Hofstadter, Douglas R.},
  title = {Gödel, Escher, Bach: An Eternal Golden Braid},
  year = {1979},
  publisher = {Basic Books}
}

@article{ericsson1993,
  author = {Ericsson, K. A. and others},
  title = {The role of deliberate practice in the acquisition of expert performance},
  journal = {Psychological Review},
  volume = {100},
  number = {3},
  pages = {363-406},
  year = {1993}
}

% Missing Citations Added

@book{kuhn1962,
  author = {Kuhn, Thomas S.},
  title = {The Structure of Scientific Revolutions},
  year = {1962},
  publisher = {University of Chicago Press}
}

@article{powell2004,
  author = {Powell, W. W. and Snellman, K.},
  title = {The knowledge economy},
  journal = {Annual Review of Sociology},
  volume = {30},
  pages = {199-220},
  year = {2004}
}

@article{mulder2007,
  author = {Mulder, M. and others},
  title = {Competence development - some background and theoretical considerations},
  journal = {Journal of Agricultural Education and Extension},
  volume = {13},
  number = {2},
  pages = {135-147},
  year = {2007}
}

@article{ericsson2006,
  author = {Ericsson, K. A.},
  title = {The influence of experience and deliberate practice on the development of superior expert performance},
  journal = {Cambridge Handbook of Expertise and Expert Performance},
  pages = {683-703},
  year = {2006}
}

@book{korzybski1933,
  author = {Korzybski, Alfred},
  title = {Science and Sanity: An Introduction to Non-Aristotelian Systems and General Semantics},
  year = {1933},
  publisher = {Institute of General Semantics}
}

@article{simon1991,
  author = {Simon, Herbert A.},
  title = {Bounded rationality and organizational learning},
  journal = {Organization Science},
  volume = {2},
  number = {1},
  pages = {125-134},
  year = {1991}
}

@book{schein1985,
  author = {Schein, Edgar H.},
  title = {Organizational Culture and Leadership},
  year = {1985},
  publisher = {Jossey-Bass}
}

@article{dimaggio1983,
  author = {DiMaggio, P. J. and Powell, W. W.},
  title = {The iron cage revisited: Institutional isomorphism and collective rationality in organizational fields},
  journal = {American Sociological Review},
  volume = {48},
  pages = {147-160},
  year = {1983}
}

@article{granovetter1985,
  author = {Granovetter, Mark},
  title = {Economic action and social structure: The problem of embeddedness},
  journal = {American Journal of Sociology},
  volume = {91},
  pages = {481-510},
  year = {1985}
}

@book{bourdieu1990,
  author = {Bourdieu, Pierre},
  title = {The Logic of Practice},
  year = {1990},
  publisher = {Stanford University Press}
}

@book{maturana1987,
  author = {Maturana, Humberto R. and Varela, Francisco J.},
  title = {The Tree of Knowledge: The Biological Roots of Human Understanding},
  year = {1987},
  publisher = {Shambhala}
}

@article{alexander2018,
  author = {Alexander, A. and others},
  title = {A decision theory perspective on complexity in performance measurement and management},
  journal = {International Journal of Operations \& Production Management},
  volume = {38},
  number = {11},
  pages = {2214-2244},
  year = {2018}
}

@article{beller1996,
  author = {Beller, Mara},
  title = {The conceptual and the anecdotal history of science},
  journal = {Studies in History and Philosophy of Science},
  volume = {27},
  pages = {167-194},
  year = {1996}
}

@article{kroher2021,
  author = {Kroher, M. and others},
  title = {Social inequalities in higher education after Bologna},
  journal = {European Journal of Higher Education},
  volume = {11},
  pages = {261-278},
  year = {2021}
}

@book{delacroix2018,
  author = {De la Croix, D. and others},
  title = {Guilds, innovation, and the European economy},
  year = {2018},
  publisher = {Cambridge University Press}
}

@book{moulierboutang2007,
  author = {Moulier-Boutang, Yann},
  title = {Le capitalisme cognitif: La nouvelle grande transformation},
  year = {2007},
  publisher = {Editions Amsterdam}
}

@article{vercellone2007,
  author = {Vercellone, Carlo},
  title = {From formal subsumption to general intellect},
  journal = {Historical Materialism},
  volume = {15},
  pages = {13-36},
  year = {2007}
}

@book{srnicek2017,
  author = {Srnicek, Nick},
  title = {Platform Capitalism},
  year = {2017},
  publisher = {Polity}
}

@book{georgeschuroegen1971,
  author = {Georgescu-Roegen, Nicholas},
  title = {The Entropy Law and the Economic Process},
  year = {1971},
  publisher = {Harvard University Press}
}

@article{bratianu2020b,
  author = {Bratianu, C. and Bejinaru, R.},
  title = {Knowledge dynamics: A thermodynamics approach},
  journal = {Kybernetes},
  volume = {49},
  number = {2},
  pages = {22-30},
  year = {2020}
}